% This file was created with JabRef 2.10b2.
% Encoding: ISO8859_1


@InBook{Aldous85,
  Title                    = {Exchangeability and related topics},
  Author                   = {D Aldous},
  Pages                    = {\'{E}cole d'\'{E}t\'{e} de Probabilit\'{e}s de Saint-Flour XIII-1983},
  Publisher                = {Springer},
  Year                     = {1985},

  Address                  = {Berlin},

  Owner                    = {adam},
  Timestamp                = {2014.10.09}
}

@Article{Antoniak74,
  Title                    = {Mixtures of Dirichlet processes with applications to Bayesian nonparametric problems},
  Author                   = {C E Antoniak},
  Journal                  = {Annals of Statistics},
  Year                     = {1974},
  Number                   = {6},
  Pages                    = {1152-1174},
  Volume                   = {2},

  Owner                    = {adam},
  Timestamp                = {2014.10.09}
}

@Article{Bansal13,
  Title                    = {Algorithms for Genome-Scale Phylogenetics Using Gene Tree Parsimony},
  Author                   = {M S Bansal and O Eulenstein},
  Journal                  = {{IEEE/ACM} Trans. Comput. Biology Bioinform.},
  Year                     = {2013},
  Number                   = {4},
  Pages                    = {939-956},
  Volume                   = {10}
}

@Article{Blackwell73,
  Title                    = {Ferguson Distributions Via Polya Urn Schemes},
  Author                   = {D Blackwell and J B MacQueen},
  Journal                  = {The Annals of Statistics},
  Year                     = {1973},
  Number                   = {2},
  Pages                    = {353-355},
  Volume                   = {1},

  Owner                    = {adam},
  Timestamp                = {2014.10.09}
}

@Article{Blei05,
  Title                    = {Variational inference for Dirichlet process mixtures},
  Author                   = {D M Blei and M I Jordan},
  Journal                  = {Bayesian Analysis},
  Year                     = {2005},
  Pages                    = {121-144},
  Volume                   = {1}
}

@Article{Escobar95,
  Title                    = {Bayesian Density Estimation and Inference Using Mixtures},
  Author                   = {M D Escobar and M West},
  Journal                  = {Journal of the American Statistical Association},
  Year                     = {1995},
  Number                   = {430},
  Pages                    = {577--588},
  Volume                   = {90}
}

@Article{Ferguson73,
  Title                    = {A Bayesian Analysis of Some Nonparametric Problems},
  Author                   = {T S Ferguson},
  Journal                  = {The Annals of Statistics},
  Year                     = {1973},
  Number                   = {2},
  Pages                    = {209-230},
  Volume                   = {1}
}

@Article{Guigo96,
  Title                    = {Reconstruction of ancient molecular phylogeny},
  Author                   = {R Guig\'{o} and I Muchnik and T F Smith},
  Journal                  = {Molecular phylogenetics and evolution},
  Year                     = {1996},

  Month                    = {Oct},
  Number                   = {2},
  Pages                    = {189-213},
  Volume                   = {6},

  Pmid                     = {8899723}
}

@Article{Jia14,
  Title                    = {The impact of modelling rate heterogeneity among sites on phylogenetic estimates of intraspecific evolutionary rates and timescales},
  Author                   = {F Jiai and N Lo and S Y W Ho},
  Journal                  = {PloS one},
  Year                     = {2014},
  Number                   = {5},
  Pages                    = {e95722},
  Volume                   = {9},

  File                     = {:Jia14.pdf:PDF},
  Pmid                     = {24798481}
}

@Article{Kleinman06,
  Title                    = {A maximum likelihood framework for protein design},
  Author                   = {C L Kleinman and N Rodrigue and C Bonnard and H Philippe and N Lartillot},
  Journal                  = {BMC bioinformatics},
  Year                     = {2006},
  Pages                    = {326},
  Volume                   = {7},

  File                     = {:Kleinman06.pdf:PDF},
  Pmid                     = {16808841}
}

@Article{Lartillot06a,
  Title                    = {Conjugate Gibbs sampling for Bayesian phylogenetic models.},
  Author                   = {N Lartillot},
  Journal                  = {Journal of computational biology : a journal of computational molecular cell biology},
  Year                     = {2006},

  Month                    = {Dec},
  Number                   = {10},
  Pages                    = {1701-22},
  Volume                   = {13},

  File                     = {:Lartillot06a.pdf:PDF},
  Pmid                     = {17238840}
}

@Article{Lartillot04,
  Title                    = {A Bayesian mixture model for across-site heterogeneities in the amino-acid replacement process.},
  Author                   = {N Lartillot and H Philippe},
  Journal                  = {Molecular biology and evolution},
  Year                     = {2004},

  Month                    = {Jun},
  Number                   = {6},
  Pages                    = {1095-109},
  Volume                   = {21},

  File                     = {:Lartillot04.pdf:PDF},
  Pmid                     = {15014145}
}

@Article{Lartillot13,
  Title                    = {PhyloBayes MPI: phylogenetic reconstruction with infinite mixtures of profiles in a parallel environment},
  Author                   = {N Lartillot and N Rodrigue and D Stubbs and J Richer},
  Journal                  = {Systematic biology},
  Year                     = {2013},

  Month                    = {Jul},
  Number                   = {4},
  Pages                    = {611-5},
  Volume                   = {62},

  File                     = {:Lartillot13a.pdf:PDF},
  Pmid                     = {23564032}
}

@Article{Liu09,
  Title                    = {Coalescent methods for estimating phylogenetic trees},
  Author                   = {L Liu and L Yu and L Kubatko and D K Pearl and S V Edwards},
  Journal                  = {Molecular phylogenetics and evolution},
  Year                     = {2009},

  Month                    = {Oct},
  Number                   = {1},
  Pages                    = {320-8},
  Volume                   = {53},

  Pmid                     = {19501178}
}

@Article{MacEachern94,
  Title                    = {Estimating Normal Means with a Conjugate Style Dirichlet Process Prior},
  Author                   = {S N MacEachern},
  Journal                  = {Communications in Statistics B},
  Year                     = {1994},
  Pages                    = {727-741},
  Volume                   = {23},

  Owner                    = {adam},
  Timestamp                = {2014.10.09}
}

@Article{Martins14,
  Title                    = {A Bayesian Supetree Model for Genome-Wide Species Tree Reconstruction},
  Author                   = {L De Oliveira Martins and D Mallo and D Posada},
  Journal                  = {Systematic Biology},
  Year                     = {2014},
  Pages                    = {1-20},
  Volume                   = {Advance Access},

  File                     = {:Martins14.pdf:PDF}
}

@Article{Muse94,
  Title                    = {A likelihood approach for comparing synonymous and nonsynonymous nucleotide substitutions, with applications to chloroplast genome},
  Author                   = {S V Muse and B S Gaut},
  Journal                  = {Mol. Biol. Evol},
  Year                     = {1994},
  Pages                    = {715-724},
  Volume                   = {11},

  Owner                    = {adam},
  Timestamp                = {2014.09.11}
}

@InProceedings{Rasmussen00,
  Title                    = {The infinite Gaussian mixture model},
  Author                   = {C E Rasmussen},
  Booktitle                = {Advances in Neural Information Processing System},
  Year                     = {2000},
  Volume                   = {12},

  Journal                  = {In Advances in Neural Information Processing Systems},
  Owner                    = {adam},
  Timestamp                = {2014.09.17}
}

@Article{Rasmussen12,
  Title                    = {Unified modeling of gene duplication, loss, and coalescence using a locus tree},
  Author                   = {M D Rasmussen and M Kellis},
  Journal                  = {Genome research},
  Year                     = {2012},

  Month                    = {Apr},
  Number                   = {4},
  Pages                    = {755-65},
  Volume                   = {22},

  Pmid                     = {22271778}
}

@Article{Robideau14,
  Title                    = {Codon-based phylogenetics introduces novel flagellar gene markers to oomycete systematics.},
  Author                   = {G P Robideau and N Rodrigue and L C Andr\`{e}},
  Journal                  = {Molecular phylogenetics and evolution},
  Year                     = {2014},

  Month                    = {Apr},
  Pages                    = {279-291},
  Volume                   = {79},

  File                     = {:Robideau14.pdf:PDF},
  Pmid                     = {24747002}
}

@Article{Robinson03,
  Title                    = {Protein evolution with dependence among codons due to tertiary structure},
  Author                   = {D M Robinson and D T Jones and H Kishino and N Goldman and J L Thorne},
  Journal                  = {Mol. Biol. Evol.},
  Year                     = {2003},
  Number                   = {10},
  Pages                    = {1692-1704},
  Volume                   = {20},

  Owner                    = {adam},
  Timestamp                = {2014.09.11}
}

@Article{Rodrigue13a,
  Title                    = {On the statistical interpretation of site-specific variables in phylogeny-based substitution models.},
  Author                   = {N Rodrigue},
  Journal                  = {Genetics},
  Year                     = {2013},

  Month                    = {Feb},
  Number                   = {2},
  Pages                    = {557-64},
  Volume                   = {193},

  File                     = {:Rodrigue13a.pdf:PDF},
  Pmid                     = {23222651}
}

@Article{Rodrigue09a,
  Title                    = {Computational methods for evaluating phylogenetic models of coding sequence evolution with dependence between codons.},
  Author                   = {N Rodrigue and C L Kleinman and H Philippe and N Lartillot},
  Journal                  = {Molecular biology and evolution},
  Year                     = {2009},

  Month                    = {Jul},
  Number                   = {7},
  Pages                    = {1663-76},
  Volume                   = {26},

  File                     = {:Rodrigue09a.pdf:PDF},
  Pmid                     = {19383983}
}

@Article{Rodrigue14,
  Title                    = {Site-heterogeneous mutation-selection models within the PhyloBayes-MPI package},
  Author                   = {N Rodrigue and N Lartillot},
  Journal                  = {Bioinformatics},
  Year                     = {2014},

  Month                    = {Apr},
  Number                   = {7},
  Pages                    = {1020-1},
  Volume                   = {30},

  File                     = {:Rodrigue14.pdf:PDF},
  Pmid                     = {24351710}
}

@Article{Rodrigue08a,
  Title                    = {Bayesian comparisons of codon substitution models},
  Author                   = {N Rodrigue and N Lartillot and H Philippe},
  Journal                  = {Genetics},
  Year                     = {2008},

  Month                    = {Nov},
  Number                   = {3},
  Pages                    = {1579-91},
  Volume                   = {180},

  File                     = {:Rodrigue08a.pdf:PDF},
  Pmid                     = {18791235}
}

@Article{Rodrigue10b,
  Title                    = {Mechanistic revisions of phenomenological modeling strategies in molecular evolution},
  Author                   = {N Rodrigue and H Philippe},
  Journal                  = {Trends in genetics},
  Year                     = {2010},

  Month                    = {Jun},
  Number                   = {6},
  Pages                    = {248-52},
  Volume                   = {26},

  File                     = {:Rodrigue10b.pdf:PDF},
  Pmid                     = {20452086}
}

@Article{Rodrigue10a,
  Title                    = {Mutation-selection models of coding sequence evolution with site-heterogeneous amino acid fitness profiles.},
  Author                   = {N Rodrigue and H Philippe and N Lartillot},
  Journal                  = {Proceedings of the National Academy of Sciences of the United States of America},
  Year                     = {2010},

  Month                    = {Mar},
  Number                   = {10},
  Pages                    = {4629-34},
  Volume                   = {107},

  File                     = {:Rodrigue10a.pdf:PDF},
  Pmid                     = {20176949}
}

@Article{Rodrigue07a,
  Title                    = {Exploring fast computational strategies for probabilistic phylogenetic analysis},
  Author                   = {N Rodrigue and H Philippe and N Lartillot},
  Journal                  = {Systematic biology},
  Year                     = {2007},

  Month                    = {Oct},
  Number                   = {5},
  Pages                    = {711-26},
  Volume                   = {56},

  File                     = {:Rodrigue07a.pdf:PDF},
  Pmid                     = {17849326}
}

@Article{Rosenberg11,
  Title                    = {Transcriptome-wide sequencing reveals numerous APOBEC1 mRNA-editing targets in transcript 3' UTRs},
  Author                   = {B R Rosenberg and C E Hamilton and M M Mwangi and S Dewell and F N Papavasiliou},
  Journal                  = {Nature structural \& molecular biology},
  Year                     = {2011},

  Month                    = {Feb},
  Number                   = {2},
  Pages                    = {230-6},
  Volume                   = {18},

  File                     = {:Rosenberg11.pdf:PDF},
  Pmid                     = {21258325}
}

@Article{Sethuraman94,
  Title                    = {A constructive definition of Dirichlet priors},
  Author                   = {J Sethuraman},
  Journal                  = {Statistica Sinica},
  Year                     = {1994},
  Pages                    = {639-650.},
  Volume                   = {4},

  Owner                    = {adam},
  Timestamp                = {2014.10.09}
}

@Article{Teh06,
  Title                    = {Hierarchical Dirichlet processes},
  Author                   = {Y W Teh and M I Jordan and M J Beal and D M Blei},
  Journal                  = {Journal of the American Statistical Association},
  Year                     = {2006},
  Number                   = {476},
  Pages                    = {1566-1581},
  Volume                   = {101},

  Owner                    = {adam},
  Timestamp                = {2014.10.09}
}

@Article{Yang08,
  Title                    = {Mutation-selection models of codon substitution and their use to estimate selective strengths on codon usage.},
  Author                   = {Z Yang and R Nielsen},
  Journal                  = {Mol. Biol. Evol.},
  Year                     = {2008},
  Pages                    = {568-579},
  Volume                   = {25},

  Owner                    = {adam},
  Timestamp                = {2014.09.11}
}

@Article{Zaheri14,
  Title                    = {A generalized mechanistic codon model},
  Author                   = {M Zaheri and L Dib and N Salamin},
  Journal                  = {Molecular biology and evolution},
  Year                     = {2014},

  Month                    = {Sep},
  Number                   = {9},
  Pages                    = {2528-41},
  Volume                   = {31},

  Pmid                     = {24958740}
}

@Article{Zhou07,
  Title                    = {Evaluation of the models handling heterotachy in phylogenetic inference.},
  Author                   = {Y Zhou and N Rodrigue and N Lartillot and H Philippe},
  Journal                  = {BMC evolutionary biology},
  Year                     = {2007},
  Pages                    = {206},
  Volume                   = {7},

  File                     = {:Zhou07.pdf:PDF},
  Pmid                     = {17974035}
}

